@article{gilbert2002brewer,
  title={Brewer's conjecture and the feasibility of consistent, available, partition-tolerant web services},
  author={Gilbert, Seth and Lynch, Nancy},
  journal={ACM SIGACT News},
  volume={33},
  number={2},
  pages={51--59},
  year={2002},
  publisher={ACM}
}
@inproceedings{ongaro2014search,
  title={In search of an understandable consensus algorithm},
  author={Ongaro, Diego and Ousterhout, John},
  booktitle={Proc. USENIX Annual Technical Conference},
  pages={305--320},
  year={2014}
}
@article{letia2009crdts,
  title={CRDTs: Consistency without concurrency control},
  author={Letia, Mihai and Pregui{\c{c}}a, Nuno and Shapiro, Marc},
  journal={arXiv preprint arXiv:0907.0929},
  year={2009}
}
